@misc{lablunda,
	author = {M.Sc. L. La Blunda},
	title = {{Project Proposal}},
	howpublished = "\url{https://moodle.frankfurt-university.de/pluginfile.php/512521/mod_forum/attachment/94672/Project1.pdf}",
	note = "[accessed 27.10.18]"
}

@book{albrecht,
	author = {A. J. Albrecht},
	title = {Measuring Application Development Productivity},
	publisher = {in Proceedings of the Joint SHARE, GUIDE, and IBM Application Development Symposium, Monterey, California},
	year = {1979}
}

@misc{cocomo,
	author = {B. Boehm},
	title = {{COCOMO II Model Definition Manual}},
	howpublished = "\url{http://csse.usc.edu/csse/research/COCOMOII/cocomo2000.0/CII_modelman2000.0.pdf}",
	note = "[accessed 27.10.18]"
}

@misc{JavaFX,
	title = {{JavaFX} Scene Builder},
	howpublished = {\url{http://www.oracle.com/technetwork/java/javase/downloads/javafxscenebuilder-info-2157684.html}},
	note = {Accessed: 2018-05-30}
}

@misc{riskmatrix,
	author = {Anton Beck},
	title = {IC-Risk-Management-Matrix-SCS-Project.xlsx},
	note = {Included in project files}
}

@book{umlspec,
	author = {Object Management Group},
	title = {UML 2.5.1 specification},
	note = "p. 643",
	year = {December 2017}
}

@misc{ojectaid,
	title = {ObjectAid UML Explorer for Eclipse},
	howpublished = "\url{http://www.objectaid.com/home}",
	note = "[Accessed: 15.02.2019]"
}

@misc{github,
	title = {Github Repository},
	howpublished = "\url{https://github.com/https://github.com/amineallani/SCS}",
	note = "[Accessed: 15.02.2019]"
}

@misc{slack,
	title = {Slack Main Website},
	howpublished = "\url{https://slack.com}",
	note = "[Accessed: 15.02.2019]"
}

@misc{moodle,
	title = {Moodle Website},
	howpublished = "\url{https://moodle.frankfurt-university.de/mod/forum/view.php?id=172434}",
	note = "[Accessed: 15.02.2019]"
}

@misc{thread,
	title = {Thread},
	howpublished = "\url{https://docs.oracle.com/javase/7/docs/api/java/lang/Thread.html}",
	note = "[Accessed: 15.02.2019]"
}

@misc{whatsapp,
	title = {WhatsApp},
	howpublished = "\url{https://www.whatsapp.com/}",
	note = "[Accessed: 15.02.2019]"
}

@misc{ssns,
	author = {Group A},
	title = {{HIS SNSS - Group 1 - Final Report}},
	howpublished = "\url{https://github.com/XhRobo/SSNS/tree/master/documentation/}",
	note = "[Accessed 15.02.19]"
}